<?xml version="1.0" encoding="UTF-8"?><collection xmlns="http://www.loc.gov/MARC21/slim"><record><leader>00415nam--2200133-i-4500</leader><controlfield tag="001">000015811</controlfield><controlfield tag="002">20161230</controlfield><controlfield tag="005">20161230201031</controlfield><controlfield tag="008">060222s1000------------r-----000-0-eng-d</controlfield><datafield ind1=" " ind2=" " tag="100"><subfield code="a">Carson, Ewart R.And Finkelstein, Ludwik</subfield></datafield><datafield ind1=" " ind2=" " tag="245"><subfield code="a">Mathematical modelling of dynamic biological systems. second edition</subfield></datafield><datafield ind1=" " ind2=" " tag="260"><subfield code="a">Letchworth Research Studies Ltd, 1979</subfield></datafield><datafield ind1=" " ind2=" " tag="490"><subfield code="a">Medical Computing Series</subfield></datafield><datafield ind1=" " ind2=" " tag="852"><subfield code="a">574:519.876.2</subfield></datafield></record></collection>